<record xmlns='http://www.loc.gov/MARC21/slim'><leader>04237nam a22003017i 4500</leader><controlfield tag='001'>a12080423</controlfield><controlfield tag='003'>SIRSI</controlfield><controlfield tag='005'>20200821003001.0</controlfield><controlfield tag='006'>m        d        </controlfield><controlfield tag='007'>cr un</controlfield><controlfield tag='008'>170607s2017    xx      sm    000 0 eng d</controlfield><datafield ind1=' ' ind2=' ' tag='040'><subfield code='a'>CSt</subfield><subfield code='c'>CSt</subfield><subfield code='d'>UtOrBLW</subfield></datafield><datafield ind1='1' ind2=' ' tag='100'><subfield code='a'>Kasahara, Akitada,</subfield><subfield code='c'>Jr.</subfield><subfield code=' '>UNAUTHORIZED</subfield></datafield><datafield ind1='1' ind2='0' tag='245'><subfield code='a'>Essays on game theory and corporate finance</subfield><subfield code='h'>[electronic resource] /</subfield><subfield code='c'>Akitada Kasahara, Jr.</subfield></datafield><datafield ind1=' ' ind2=' ' tag='260'><subfield code='c'>2017.</subfield></datafield><datafield ind1=' ' ind2=' ' tag='300'><subfield code='a'>1 online resource.</subfield></datafield><datafield ind1=' ' ind2=' ' tag='500'><subfield code='a'>Submitted to the Graduate School of Business.</subfield></datafield><datafield ind1=' ' ind2=' ' tag='502'><subfield code='a'>Thesis (Ph.D.)--Stanford University, 2017.</subfield></datafield><datafield ind1='3' ind2=' ' tag='520'><subfield code='a'>My dissertation is a combination of three papers that I worked on at various stages of my doctoral studies at Stanford University Graduate School of Business. The central of theme of these papers is dynamic optimality with adjustment costs and gradualness in various economic environments. In all of these papers, I shared various tasks and responsibilities of the research with my coauthors. In Chapter 1, together with Ryota Iijima, I study a model of gradual adjustment in games, in which players can flexibly adjust and monitor their positions up until a deadline. Players&apos; terminal and flow payoffs are influenced by their positions. I show that, unlike in one-shot games, the equilibrium is unique for a broad class of terminal payoffs when players&apos; actions are flexible enough in the presence of (possibly small) noise. In a team-production model, the unique equilibrium selects an outcome that is approximately efficient when adjustment friction is small. I also examine the welfare implications of such gradualness in applications, including team production, hold-up problems, and dynamic contests. In Chapter 2, together with Christopher Hennessy and Ilya Streublaev, I study dynamic capital structure choice with a time-varying tax rate. Absent theoretical guidance, empiricists have been forced to rely upon numerical comparative statics from constant tax rate models in formulating testable implications of tradeoff theory in the context of natural experiments. I fill the theoretical void by solving in closed-form a dynamic tradeoff theoretic model in which corporate taxes follow a (two-state) Markov process with exogenous rate changes. I simulate ideal difference-in-differences estimations, finding that constant tax rate models offer poor guidance regarding testable implications. While constant rate models predict large symmetric responses to rate changes, my model with stochastic tax rates predicts small, asymmetric, and often statistically insignificant responses. Under plausible parameterizations with decade-long regimes, the true underlying theory -- that taxes matter -- is incorrectly rejected in about half of the simulated natural experiments. Moreover, tax response coefficients are actually smaller in simulated economies with larger tax-induced welfare losses. In Chapter 3, which is also joint work with Ryota Iijima, I consider a class of games in which players commonly observe noisy shocks and gradually adjust their actions without observing information about their opponents&apos; behavior. Under a form of richness of the noise process, I prove equilibrium uniqueness when players&apos; adjustment is flexible enough. In the case of potential games, the unique equilibrium approximates the global maximizer of the potential as the friction vanishes.</subfield></datafield><datafield ind1='1' ind2=' ' tag='700'><subfield code='a'>Duffie, Darrell</subfield><subfield code='e'>primary advisor.</subfield><subfield code='4'>ths</subfield><subfield code='0'>http://id.loc.gov/authorities/names/n87927736</subfield><subfield code=' '>^A652275</subfield></datafield><datafield ind1='1' ind2=' ' tag='700'><subfield code='a'>Strebulaev, I. A.</subfield><subfield code='q'>(Ilʹi͡a Alekseevich)</subfield><subfield code='e'>primary advisor.</subfield><subfield code='4'>ths</subfield><subfield code='0'>http://id.loc.gov/authorities/names/n2005054094</subfield><subfield code=' '>^A1814828</subfield></datafield><datafield ind1='1' ind2=' ' tag='700'><subfield code='a'>Zwiebel, Jeffrey</subfield><subfield code='e'>advisor.</subfield><subfield code='4'>ths</subfield><subfield code='0'>http://id.loc.gov/authorities/names/no2009063471</subfield><subfield code=' '>^A2485271</subfield></datafield><datafield ind1='2' ind2=' ' tag='710'><subfield code='a'>Stanford University.</subfield><subfield code='b'>Graduate School of Business.</subfield><subfield code='0'>http://id.loc.gov/authorities/names/n81052656</subfield><subfield code=' '>^A229521</subfield></datafield><datafield ind1=' ' ind2=' ' tag='596'><subfield code='a'>21 22</subfield></datafield><datafield ind1='4' ind2='0' tag='856'><subfield code='z'>Available to Stanford-affiliated users.</subfield><subfield code='u'>http://purl.stanford.edu/hj456dt5655</subfield><subfield code='x'>SDR-PURL</subfield><subfield code='x'>item</subfield></datafield><datafield ind1=' ' ind2=' ' tag='916'><subfield code='a'>DATE CATALOGED</subfield><subfield code='b'>20170615</subfield></datafield><datafield ind1=' ' ind2=' ' tag='999'><subfield code='a'>3781 2017 K</subfield><subfield code='w'>ALPHANUM</subfield><subfield code='c'>1</subfield><subfield code='i'>36105227886004</subfield><subfield code='l'>UARCH-30</subfield><subfield code='m'>SPEC-COLL</subfield><subfield code='r'>Y</subfield><subfield code='s'>Y</subfield><subfield code='t'>NONCIRC</subfield><subfield code='u'>6/8/2017</subfield></datafield><datafield ind1=' ' ind2=' ' tag='999'><subfield code='a'>INTERNET RESOURCE</subfield><subfield code='w'>ASIS</subfield><subfield code='c'>1</subfield><subfield code='i'>12080423-2001</subfield><subfield code='l'>INTERNET</subfield><subfield code='m'>SUL</subfield><subfield code='r'>Y</subfield><subfield code='s'>Y</subfield><subfield code='t'>SUL</subfield><subfield code='u'>6/8/2017</subfield><subfield code='x'>E-THESIS</subfield></datafield></record>